<?xml version="1.0" encoding="UTF-8"?><collection xmlns="http://www.loc.gov/MARC21/slim"><record><leader>00665nam--2200181-i-4500</leader><controlfield tag="001">000001147</controlfield><controlfield tag="002">20161230</controlfield><controlfield tag="005">20170107120105</controlfield><controlfield tag="008">060222s1000------------r-----000-0-eng-d</controlfield><datafield ind1=" " ind2=" " tag="040"><subfield code="a">IFIN-HH</subfield></datafield><datafield ind1=" " ind2=" " tag="080"><subfield code="a">539.12.01</subfield></datafield><datafield ind1="1" ind2=" " tag="100"><subfield code="a">Gomb©Łs, P©Łl</subfield></datafield><datafield ind1="1" ind2="0" tag="245"><subfield code="a">Solutions of the simplified self-consistent field for all atoms of the periodic system of elements from z=2 to z=92. losungen des vereingachten self_consistent field fur alle atome des periodischen systems der elemente von z=2 bis z=92</subfield><subfield code="c">P. Gombas, T. Szonfy</subfield></datafield><datafield ind1=" " ind2=" " tag="260"><subfield code="a">Budapest</subfield><subfield code="b">Akad©♭miai Kiad©đ</subfield><subfield code="c">1970</subfield></datafield><datafield ind1=" " ind2=" " tag="300"><subfield code="a">82 p</subfield></datafield><datafield ind1="1" ind2=" " tag="700"><subfield code="a">Szonfy, T</subfield></datafield><datafield ind1=" " ind2=" " tag="852"><subfield code="a">35698</subfield><subfield code="c">539</subfield></datafield><datafield ind1=" " ind2=" " tag="CAT"><subfield code="a">SYS</subfield><subfield code="c">20170107</subfield><subfield code="h">120105</subfield></datafield></record></collection>